
@BOOK{Krizhanovsky2015,
    language = {russian},
	author = {Крижановский, Андрей},
	title = {Работа в вики-среде на примере Русской Википедии: Учебное пособие для студентов и преподавателей вузов},
	publisher = {ПетрГУ},
	year = {2015},
    numpages = {114},
    note = {Препринт.},
    url={http://nauchkor.ru/uploads/documents/5690f7f35f1be74d9400018e.pdf}
} 





%%%%%%%%%%%%%%%%%%%%%%%%%%%%%%%%%%%%%%%%%
% Ниже идут примеры. Ссылки на книги в алфавитном порядке добавляйте выше.

@BOOK{Bringhurst2005,
    language = {english},
	author = {Robert Bringhurst},
	title = {The Elements of Typography},
	publisher = {Hartley \& Marks},
	year = {2005},
	edition = {3.1},
	isbn = {0-88179-205-5}
}

@BOOK{Mittelbach2004,
    language = {english},
	author = {Frank Mittelbach and Michel Goossens},
	title = {The \LaTeX\ Companion},
	publisher = {Addison--Wesley},
	year = {2004},
	edition = {Second},
	isbn = {0-201-36299-6}
}

@BOOK{KamrianiAndRoy2016,
    language = {english},
	author = {Kamriani, Felicia and Roy, Krishnendu},
	title = {App Inventor~2 Essentials},
	publisher = {Packt},
	year = {2016},
} 

@BOOK{Galanin,
    language = {russian},
	author = {Галанин Д. Д.},
	title = {Леонтий Филиппович Магницкий и его арифметика},
	publisher = {Типография О. Л. Сомовой},
	year = {1914},
}













%%%%%%%%%%%%%%%%%%%%%%%%%%%%%%%%%%%%%%%%%
% Ниже идут примеры. Ссылки на статьи, журналы и сайты в алфавитном порядке добавляйте выше.

@misc{Giesemann2020,
    language = {english},
    title={ProWD: Detecting Knowledge Imbalances on Wikidata},
    author={Giesemann, Elisabeth},
    year={2020},
    publisher={Wikimedia Deutschland Blog},
    howpublished = {\url{https://blog.wikimedia.de/2020/09/16/prowd-detecting-knowledge-imbalances-on-wikidata/}}
}


@misc{WDNationalFlags,
    language = {russian},
    author = {Викиданные},
    title = {Список государственных флагов},
    year = {2018},
    howpublished = {\url{http://bit.ly/2OgIdWo}}
}

@misc{MitManyScreens,
    language = {english},
    author = {MIT App Inventor},
    title = {Building Apps with many Screens},
    year = {2012},
    howpublished = {\url{http://ai2.appinventor.mit.edu/reference/other/manyscreens.html}}
}

@misc{Chase2018,
    language = {russian},
    author = {Чейз Адамс},
    title = {Стили написания составных слов в программировании},
    year = {2018},
    howpublished = {\url{https://techrocks.ru/2018/08/09/most-common-programming-case-types/}}
}

@misc{PanfilovaApp,
    language = {russian},
    author = {Панфилова О.С.},
    title = {Программа <<Угадыватель чисел>>},
    year = {2018},
    howpublished = {\url{http://ai2.appinventor.mit.edu/?galleryId=5558160511336448}}
}
